<?xml version="1.0" encoding="UTF-8"?><collection xmlns="http://www.loc.gov/MARC21/slim"><record><leader>00509nam--2200133-i-4500</leader><controlfield tag="001">000031872</controlfield><controlfield tag="002">20161230</controlfield><controlfield tag="005">20161230201038</controlfield><controlfield tag="008">060222s1000------------r-----000-0-eng-d</controlfield><datafield ind1=" " ind2=" " tag="080"><subfield code="a">621.391.8</subfield></datafield><datafield ind1=" " ind2=" " tag="100"><subfield code="a">Max, J</subfield></datafield><datafield ind1=" " ind2=" " tag="245"><subfield code="a">Methodes et techniques de traitement du signal et applications aux mesures physiques. tome premier: principes et appareillages de traitement en temps reel, avec la collaboration de d.bertier s.a. preface du prof.l.neel</subfield></datafield><datafield ind1=" " ind2=" " tag="260"><subfield code="a">Paris, Masson Et C-ie, 1972, X + 331p</subfield></datafield><datafield ind1=" " ind2=" " tag="852"><subfield code="a">37635</subfield></datafield></record></collection>